
@article{harju_1997,
  pages = {1173--1177},
  author = {Harju, A. and Barbiellini, B. and Siljam\"aki, S. and Nieminen, R. M. and Ortiz, G.},
  month = {Aug},
  volume = {79},
  year = {1997},
  journal = {Phys. Rev. Lett.},
  title = {Stochastic Gradient Approximation: An Efficient Method to Optimize Many-Body Wave Functions},
  doi = {10.1103/PhysRevLett.79.1173},
  url = {http://link.aps.org/doi/10.1103/PhysRevLett.79.1173},
  issue = {7},
  publisher = {American Physical Society}
}
@article{harju_2005,
   author = {Harju, Ari},
   affiliation = {Laboratory of Physics Helsinki University of Technology P.O. Box 1100 FIN-02015 HUT Finland},
   title = {Variational Monte Carlo for Interacting Electrons in Quantum Dots},
   journal = {Journal of Low Temperature Physics},
   publisher = {Springer Netherlands},
   issn = {0022-2291},
   keyword = {Physics and Astronomy},
   pages = {181-210},
   volume = {140},
   issue = {3},
   url = {http://dx.doi.org/10.1007/s10909-005-6308-7},
   note = {10.1007/s10909-005-6308-7},
   year = {2005}
}
@article{lin_2000,
	author = {Xi Lin and Hongkai Zhang and Andrew M. Rappe},
	collaboration = {},
	title = {Optimization of quantum Monte Carlo wave functions using analytical energy derivatives},
	publisher = {AIP},
	year = {2000},
	journal = {The Journal of Chemical Physics},
	volume = {112},
	number = {6},
	pages = {2650-2654},
	keywords = {wave functions; Monte Carlo methods; Newton method; variational techniques; convergence of numerical methods; ground states; quantum theory},
	url = {http://link.aip.org/link/?JCP/112/2650/1},
	doi = {10.1063/1.480839}
}
@phdthesis{nissenbaum_2008,
	author = {Daniel Andrew Nissenbaum},
	collaboration = {},
	title = {The stochastic gradient approximation: an application to li nanoclusters},
	publisher = {},
	year = {2008},
	school = {Northeastern University},
	journal = {Physics Dissertations},
	volume = {},
	number = {11},
	pages = {},
	keywords = {},
	url = {http://hdl.handle.net/2047/d10016466},
}
@unpublished{m.h-j,
	author = {Morten Hjorth-Jensen},
	note = {Lecture Notes, Fys4411, University of Oslo},
	school = {University of Oslo},
	year = {2011},
	title = {Computational Physics},
	url = {http:},
}
@mastersthesis{lars_eivind_thesis,
	author = {Lars Eivind Lerv√•g},
	school = {University of Oslo},
	year = {2010},
	title = {VMC calculations of two-dimensional quantum dots},
}
@MISC{Doornik,
    author = {Jurgen A Doornik},
    title = {An Improved Ziggurat Method to Generate Normal Random Samples},
    year = {2005},
	url = {http://www.doornik.com/research/ziggurat.pdf},
}
@article{scemama_2006,
	author = {Anthony Scemama and Tony Leli\`{e}vre and Gabriel Stoltz and Eric Canc\`{e}s and Michel Caffarel},
	collaboration = {},
	title = {An efficient sampling algorithm for variational Monte Carlo},
	publisher = {AIP},
	year = {2006},
	journal = {The Journal of Chemical Physics},
	volume = {125},
	number = {11},
	eid = {114105},
	numpages = {9},
	pages = {114105},
	keywords = {lithium; fluorine; copper; organic compounds; importance sampling; variational techniques; Monte Carlo methods; random processes},
	url = {http://link.aip.org/link/?JCP/125/114105/1},
	doi = {10.1063/1.2354490}
}
